<?xml version="1.0" encoding="UTF-8"?><collection xmlns="http://www.loc.gov/MARC21/slim"><record><leader>00629nam--2200169-i-4500</leader><controlfield tag="001">000033876</controlfield><controlfield tag="002">20161230</controlfield><controlfield tag="005">20161230201039</controlfield><controlfield tag="008">060222s1000------------r-----000-0-eng-d</controlfield><datafield ind1=" " ind2=" " tag="040"><subfield code="a">IFIN-HH</subfield></datafield><datafield ind1=" " ind2=" " tag="080"><subfield code="a">539.124.143:539.2:539.12.04:535.34:535.376</subfield></datafield><datafield ind1="1" ind2=" " tag="100"><subfield code="a">Meistrich, Marvin Lawrence</subfield></datafield><datafield ind1="1" ind2="0" tag="245"><subfield code="a">Electron spin resonance and optical studies of hydroxide-doped sodium fluoride; the efects of impurities on color center formation</subfield><subfield code="b">Dissertation</subfield><subfield code="c">Marvin lawrence meistrich</subfield></datafield><datafield ind1=" " ind2=" " tag="260"><subfield code="a">Ann Arbor, Michigan</subfield><subfield code="b">University Microfilms, Inc</subfield><subfield code="c">1967</subfield></datafield><datafield ind1=" " ind2=" " tag="300"><subfield code="a">IX+118P</subfield></datafield><datafield ind1=" " ind2=" " tag="852"><subfield code="a">32341</subfield><subfield code="c">539.143.43</subfield></datafield><datafield ind1=" " ind2=" " tag="CAT"><subfield code="a">Sys</subfield><subfield code="c">20120504</subfield><subfield code="h">093051</subfield></datafield></record></collection>